@book{nielson-popa99,
 author = {Nielson, Flemming and Nielson, Hanne R. and Hankin, Chris},
 title = {Principles of Program Analysis},
 year = {1999},
 publisher = {Springer-Verlag},
 address = {Berlin, Heidelberg},
 link = {http://doi.org/10.1007/978-3-662-03811-6},
 class = {book},
} 
@inproceedings{flanagan:1993:essence,
  title={The essence of compiling with continuations},
  author={Cormac Flanagan and Amr Sabry and Bruce F. Duba and Matthias Felleisen},
  booktitle={ACM Sigplan Notices},
  volume={28},
  pages={237--247},
  year={1993},
  organization={ACM},
}
@inproceedings{VanHorn:2010,
 author = {Van Horn, David and Might, Matthew},
 title = {Abstracting Abstract Machines},
 booktitle = {Proceedings of the 15th ACM SIGPLAN International Conference on Functional Programming},
 series = {ICFP '10},
 year = {2010},
 isbn = {978-1-60558-794-3},
 location = {Baltimore, Maryland, USA},
 pages = {51--62},
 url = {http://doi.acm.org/10.1145/1863543.1863553},
 doi = {10.1145/1863543.1863553},
 acmid = {1863553},
 publisher = {ACM},
 address = {New York, NY, USA},
 keywords = {abstract interpretation, abstract machines},
}
@inproceedings{Austin:2012,
 author = {Austin, Thomas H. and Flanagan, Cormac},
 title = {Multiple Facets for Dynamic Information Flow},
 booktitle = {Proceedings of the 39th Annual ACM SIGPLAN-SIGACT Symposium on Principles of Programming Languages},
 series = {POPL '12},
 year = {2012},
 isbn = {978-1-4503-1083-3},
 location = {Philadelphia, PA, USA},
 pages = {165--178},
 url = {http://doi.acm.org/10.1145/2103656.2103677},
 doi = {10.1145/2103656.2103677},
 acmid = {2103677},
 publisher = {ACM},
 address = {New York, NY, USA},
 keywords = {dynamic analysis, information flow control, javascript, web security},
}
@inproceedings{hudak:1986:refcounting,
  title={A semantic model of reference counting and its abstraction (detailed summary)},
  author={Hudak, Paul},
  booktitle={Proceedings of the 1986 ACM conference on LISP and functional programming},
  pages={351-363},
  year={1986},
  organization={ACM}
}
@inproceedings{might:2006:gammacfa,
  title={Improving flow analyses via {$\Gamma$CFA}: abstract garbage collection and counting},
  author={Matthew Might and Olin Shivers},
  booktitle={ACM SIGPLAN Notices},
  volume={41},
  number={9},
  pages={13-25},
  year={2006},
  organization={ACM}
}
@inproceedings{jagannathan:1998:single,
  title={Single and loving it: Must-alias analysis for higher-order languages},
  author={Suresh Jagannathan and Peter Thiemann and Stephen Weeks and Andrew Wright},
  booktitle={Proceedings of the symposium on Principles of programming languages},
  pages={329-341},
  year={1998},
  organization={ACM}
}
@inproceedings{Austin:2013,
 author = {Austin, Thomas H. and Yang, Jean and Flanagan, Cormac and Solar-Lezama, Armando},
 title = {Faceted Execution of Policy-agnostic Programs},
 booktitle = {Proceedings of the Eighth ACM SIGPLAN Workshop on Programming Languages and Analysis for Security},
 series = {PLAS '13},
 year = {2013},
 isbn = {978-1-4503-2144-0},
 location = {Seattle, Washington, USA},
 pages = {15--26},
 url = {http://doi.acm.org/10.1145/2465106.2465121},
 doi = {10.1145/2465106.2465121},
 acmid = {2465121},
 publisher = {ACM},
 address = {New York, NY, USA},
 keywords = {language design, privacy, run-time system, security},
} 
@inproceedings{Yang:2016,
 author = {Yang, Jean and Hance, Travis and Austin, Thomas H. and Solar-Lezama, Armando and Flanagan, Cormac and Chong, Stephen},
 title = {Precise, Dynamic Information Flow for Database-backed Applications},
 booktitle = {Proceedings of the 37th ACM SIGPLAN Conference on Programming Language Design and Implementation},
 series = {PLDI '16},
 year = {2016},
 pages = {631--647},
 publisher = {ACM},
 address = {New York, NY, USA},
 keywords = {Web frameworks, information flow},
}

@inproceedings{might2010abstract,
  title={Abstract interpreters for free},
  author={Might, Matthew},
  booktitle={International Static Analysis Symposium},
  series = {SAS '10},
  pages={407--421},
  year={2010},
  organization={Springer}
}

@inproceedings{Gilray:16:poly,
 author = {Gilray, Thomas and Adams, Michael D. and Might, Matthew},
 title = {Allocation Characterizes Polyvariance: A Unified Methodology for Polyvariant Control-flow Analysis},
 booktitle = {Proceedings of the 21st ACM SIGPLAN International Conference on Functional Programming},
 series = {ICFP '16},
 year = {2016},
 isbn = {978-1-4503-4219-3},
 location = {Nara, Japan},
 pages = {407--420},
 url = {http://doi.acm.org/10.1145/2951913.2951936},
 doi = {10.1145/2951913.2951936},
 acmid = {2951936},
 publisher = {ACM},
 address = {New York, NY, USA},
 keywords = {Abstract allocation, Abstract interpretation, Context sensitivity, Control-flow analysis, Polyvariance, Static analysis},
}
                  
@INPROCEEDINGS{Devriese:10, 
author={D. Devriese and F. Piessens}, 
booktitle={2010 IEEE Symposium on Security and Privacy}, 
title={Noninterference through Secure Multi-execution}, 
year={2010}, 
volume={}, 
number={}, 
pages={109-124}, 
series={Oakland '10},            
doi={10.1109/SP.2010.15}, 
ISSN={1081-6011}, 
month={May}}

@INPROCEEDINGS{Bielova:11, 
author={N. Bielova and D. Devriese and F. Massacci and F. Piessens}, 
booktitle={2011 5th International Conference on Network and System Security}, 
title={Reactive non-interference for a browser model},
year={2011}, 
volume={}, 
number={}, 
pages={97-104}, 
publisher={IEEE},
doi={10.1109/ICNSS.2011.6059965}, 
ISSN={},
month={Sept}}
                  
@INPROCEEDINGS{Rafnsson:13, 
author={W. Rafnsson and A. Sabelfeld}, 
booktitle={2013 IEEE 26th Computer Security Foundations Symposium}, 
title={Secure Multi-execution: Fine-Grained, Declassification-Aware, and Transparent}, 
year={2013}, 
volume={}, 
number={}, 
pages={33-48}, 
keywords={program diagnostics;security of data;cooperative scheduling;declassification model;information-flow security;secure multiexecution;security level;Communication channels;Integrated circuits;Lattices;Monitoring;Security;Semantics;Timing}, 
doi={10.1109/CSF.2013.10}, 
ISSN={1063-6900}, 
month={June}}
@INPROCEEDINGS{Kashyap:11, 
author={V. Kashyap and B. Wiedermann and B. Hardekopf}, 
booktitle={2011 IEEE Symposium on Security and Privacy}, 
title={Timing- and Termination-Sensitive Secure Information Flow: Exploring a New Approach}, 
year={2011}, 
volume={}, 
number={}, 
pages={413-428}, 
keywords={security of data;covert channels;secret information;secure information flow;Computational modeling;Lattices;Processor scheduling;Security;Semantics;Sensitivity;Timing}, 
doi={10.1109/SP.2011.19}, 
ISSN={1081-6011}, 
series={Oakland '11},                  
month={May}
}
@article{cousot1992abstract,
  title={Abstract interpretation frameworks},
  author={Cousot, Patrick and Cousot, Radhia},
  journal={Journal of logic and computation},
  volume={2},
  number={4},
  pages={511--547},
  year={1992},
  publisher={Oxford University Press}
}
@inproceedings{Yang:2012,
 author = {Yang, Jean and Yessenov, Kuat and Solar-Lezama, Armando},
 title = {A Language for Automatically Enforcing Privacy Policies},
 booktitle = {Proceedings of the 39th Annual ACM SIGPLAN-SIGACT Symposium on Principles of Programming Languages},
 series = {POPL '12},
 year = {2012},
 isbn = {978-1-4503-1083-3},
 location = {Philadelphia, PA, USA},
 pages = {85--96},
 url = {http://doi.acm.org/10.1145/2103656.2103669},
 doi = {10.1145/2103656.2103669},
 acmid = {2103669},
 publisher = {ACM},
 address = {New York, NY, USA},
 keywords = {language design, privacy, run-time system, security},
}                   
@inproceedings{Stefan:2011,
 author = {Stefan, Deian and Russo, Alejandro and Mitchell, John C. and Mazi\`{e}res, David},
 title = {Flexible Dynamic Information Flow Control in Haskell},
 booktitle = {Proceedings of the 4th ACM Symposium on Haskell},
 series = {Haskell '11},
 year = {2011},
 isbn = {978-1-4503-0860-1},
 location = {Tokyo, Japan},
 pages = {95--106},
 numpages = {12},
 url = {http://doi.acm.org/10.1145/2034675.2034688},
 doi = {10.1145/2034675.2034688},
 acmid = {2034688},
 publisher = {ACM},
 address = {New York, NY, USA},
 keywords = {information flow control, library, monad},
} 
@inproceedings{Schmitz:2016,
 author = {Schmitz, Thomas and Rhodes, Dustin and Austin, Thomas H. and Knowles, Kenneth and Flanagan, Cormac},
 title = {Faceted Dynamic Information Flow via Control and Data Monads},
 booktitle = {Proceedings of the 5th International Conference on Principles of Security and Trust - Volume 9635},
 year = {2016},
 isbn = {978-3-662-49634-3},
 pages = {3--23},
 numpages = {21},
 url = {http://dx.doi.org/10.1007/978-3-662-49635-0_1},
 doi = {10.1007/978-3-662-49635-0_1},
 acmid = {2939963},
 publisher = {Springer-Verlag New York, Inc.},
 address = {New York, NY, USA},
 series = {POST '16}                 
}
@inproceedings{Assaf:2017,
 author = {Assaf, Mounir and Naumann, David A. and Signoles, Julien and Totel, \'{E}ric and Tronel, Fr{\'e}d{\'e}ric},
 title = {Hypercollecting Semantics and Its Application to Static Analysis of Information Flow},
 booktitle = {Proceedings of the 44th ACM SIGPLAN Symposium on Principles of Programming Languages},
 series = {POPL 2017},
 year = {2017},
 isbn = {978-1-4503-4660-3},
 location = {Paris, France},
 pages = {874--887},
 numpages = {14},
 url = {http://doi.acm.org/10.1145/3009837.3009889},
 doi = {10.1145/3009837.3009889},
 acmid = {3009889},
 publisher = {ACM},
 address = {New York, NY, USA},
 keywords = {abstract interpretation, hyperproperties, information flow, static analysis},
} 
@article{Denning:1976,
 author = {Denning, Dorothy E.},
 title = {A Lattice Model of Secure Information Flow},
 journal = {Commun. ACM},
 issue_date = {May 1976},
 volume = {19},
 number = {5},
 month = may,
 year = {1976},
 issn = {0001-0782},
 pages = {236--243},
 acmid = {360056},
 publisher = {ACM},
 address = {New York, NY, USA},
 keywords = {information flow, lattice, program certification, protection, security, security class}
} 

@INPROCEEDINGS{Goguen:82,
author={J. A. Goguen and J. Meseguer}, 
booktitle={1982 IEEE Symposium on Security and Privacy}, 
title={Security Policies and Security Models}, 
year={1982}, 
volume={}, 
number={}, 
pages={11-11}, 
keywords={Automata;Computational modeling;Computers;Data models;Finite element methods;Mathematical model;Message systems}, 
doi={10.1109/SP.1982.10014}, 
ISSN={1540-7993}, 
month={April}
}
@INPROCEEDINGS{Clarkson:08,
author={M. R. Clarkson and F. B. Schneider}, 
booktitle={2008 21st IEEE Computer Security Foundations Symposium}, 
title={Hyperproperties}, 
year={2008}, 
volume={}, 
publisher={IEEE},
number={}, 
pages={51-65}, 
keywords={Computer science;Computer security;Delay effects;Information security;Safety;Topology;Writing;Security policies;liveness;safety}, 
doi={10.1109/CSF.2008.7}, 
ISSN={1063-6900}, 
month={June}
}
                  
@inproceedings{Barthe:2004,
 author = {Barthe, Gilles and D'Argenio, Pedro R. and Rezk, Tamara},
 title = {Secure Information Flow by Self-Composition},
 booktitle = {Proceedings of the 17th IEEE Workshop on Computer Security Foundations},
 series = {CSFW '04},
 year = {2004},
 isbn = {0-7695-2169-X},
 pages = {100-114}, 
 url = {https://doi.org/10.1109/CSFW.2004.17},
 doi = {10.1109/CSFW.2004.17},
 acmid = {1009669},
 publisher = {IEEE Computer Society},
 address = {Washington, DC, USA},
} 
                  
@inproceedings{Barthe:2011,
 author = {Barthe, Gilles and Crespo, Juan Manuel and Kunz, C{\'e}sar},
 title = {Relational Verification Using Product Programs},
 booktitle = {Proceedings of the 17th International Conference on Formal Methods},
 series = {FM'11},
 year = {2011},
 isbn = {978-3-642-21436-3},
 location = {Limerick, Ireland},
 pages = {200--214},
 url = {http://dl.acm.org/citation.cfm?id=2021296.2021319},
 acmid = {2021319},
 publisher = {Springer-Verlag},
 address = {Berlin, Heidelberg},
} 
@InProceedings{Clarkson:14,
author="Clarkson, Michael R.
and Finkbeiner, Bernd
and Koleini, Masoud
and Micinski, Kristopher K.
and Rabe, Markus N.
and S{\'a}nchez, C{\'e}sar",
editor="Abadi, Mart{\'i}n
and Kremer, Steve",
title="Temporal Logics for Hyperproperties",
booktitle="Principles of Security and Trust",
year="2014",
publisher="Springer Berlin Heidelberg",
address="Berlin, Heidelberg",
pages="265--284",
isbn="978-3-642-54792-8"
}
@article{Meyden:07,
title = "Algorithmic Verification of Noninterference Properties",
journal = "Electronic Notes in Theoretical Computer Science",
volume = "168",
pages = "61 - 75",
year = "2007",
note = "Proceedings of the Second International Workshop on Views on Designing Complex Architectures",
series = "VODCA '06",
issn = "1571-0661",
author = "Ron van der Meyden and Chenyi Zhang",
keywords = "noninterference, model checking, complexity, heuristics"
}

@inproceedings{Volpano:1997,
 author = {Volpano, Dennis M. and Smith, Geoffrey},
 title = {A Type-Based Approach to Program Security},
 booktitle = {Proceedings of the 7th International Joint Conference CAAP/FASE on Theory and Practice of Software Development},
 series = {TAPSOFT '97},
 year = {1997},
 isbn = {3-540-62781-2},
 pages = {607--621},
 url = {http://dl.acm.org/citation.cfm?id=646620.697712},
 acmid = {697712},
 publisher = {Springer-Verlag},
 address = {London, UK, UK},
} 
@inproceedings{Myers:1999,
 author = {Myers, Andrew C.},
 title = {JFlow: Practical Mostly-static Information Flow Control},
 booktitle = {Proceedings of the 26th ACM SIGPLAN-SIGACT Symposium on Principles of Programming Languages},
 series = {POPL '99},
 year = {1999},
 isbn = {1-58113-095-3},
 location = {San Antonio, Texas, USA},
 pages = {228--241},
 numpages = {14},
 url = {http://doi.acm.org/10.1145/292540.292561},
 doi = {10.1145/292540.292561},
 acmid = {292561},
 publisher = {ACM},
 address = {New York, NY, USA},
} 

@INPROCEEDINGS{Zdancewic:03, 
author={S. Zdancewic and A. C. Myers}, 
booktitle={16th IEEE Computer Security Foundations Workshop, 2003.}, 
title={Observational determinism for concurrent program security}, 
year={2003}, 
series={CSF '13},
volume={}, 
number={},
address={},
pages={29-43}, 
doi={10.1109/CSFW.2003.1212703}, 
ISSN={1063-6900}, 
month={June}
}
                  
@inproceedings{Hunt:2006,
 author = {Hunt, Sebastian and Sands, David},
 title = {On Flow-sensitive Security Types},
 booktitle = {Conference Record of the 33rd ACM SIGPLAN-SIGACT Symposium on Principles of Programming Languages},
 series = {POPL '06},
 year = {2006},
 isbn = {1-59593-027-2},
 location = {Charleston, South Carolina, USA},
 pages = {79--90},
 numpages = {12},
 url = {http://doi.acm.org/10.1145/1111037.1111045},
 doi = {10.1145/1111037.1111045},
 acmid = {1111045},
 publisher = {ACM},
 address = {New York, NY, USA},
 keywords = {flow-sensitivity, information flow, non-interference, static analysis, type systems}
}
@inproceedings{earl:2012:introspectivepushdown,
 author = {Christopher Earl and Ilya Sergey and Matthew Might and David Van{ }Horn},
 title = {Introspective Pushdown Analysis of Higher-Order Programs},
 booktitle = {International Conference on Functional Programming},
 year = {2012},
 month = {September},
 location = {Copenhagen, Denmark},
 pages = {177-188},
} 

@inproceedings{vardoulakis:2010:cfa2,
 author = {Dimitrios Vardoulakis and Olin Shivers},
 title = {{CFA2}: a context-free approach to control-flow analysis},
 booktitle = {Proceedings of the European Symposium on Programming},
 series = {ESOP '10},
 year = {2010},
 pages = {570-589},
 volume = {6012, LNCS},
} 
                  
@inproceedings{Cousot:77,
 author = {Cousot, Patrick and Cousot, Radhia},
 title = {Abstract Interpretation: A Unified Lattice Model for Static Analysis of Programs by Construction or Approximation of Fixpoints},
 booktitle = {Proceedings of the 4th ACM SIGACT-SIGPLAN Symposium on Principles of Programming Languages},
 series = {POPL '77},
 year = {1977},
 location = {Los Angeles, California},
 pages = {238--252},
 numpages = {15},
 url = {http://doi.acm.org/10.1145/512950.512973},
 doi = {10.1145/512950.512973},
 acmid = {512973},
 publisher = {ACM},
 address = {New York, NY, USA},
} 
                  
@inproceedings{VanHorn:10,
 author = {Van Horn, David and Might, Matthew},
 title = {Abstracting Abstract Machines},
 booktitle = {Proceedings of the 15th ACM SIGPLAN International Conference on Functional Programming},
 series = {ICFP '10},
 year = {2010},
 isbn = {978-1-60558-794-3},
 location = {Baltimore, Maryland, USA},
 pages = {51--62},
 url = {http://doi.acm.org/10.1145/1863543.1863553},
 doi = {10.1145/1863543.1863553},
 acmid = {1863553},
 publisher = {ACM},
 address = {New York, NY, USA},
 keywords = {abstract interpretation, abstract machines},
} 
@inproceedings{Gilray:16,
 author = {Gilray, Thomas and Lyde, Steven and Adams, Michael D. and Might, Matthew and Van Horn, David},
 title = {Pushdown Control-flow Analysis for Free},
 booktitle = {Proceedings of the 43rd Annual ACM SIGPLAN-SIGACT Symposium on Principles of Programming Languages},
 series = {POPL '16},
 year = {2016},
 isbn = {978-1-4503-3549-2},
 location = {St. Petersburg, FL, USA},
 pages = {691--704},
 numpages = {14},
 url = {http://doi.acm.org/10.1145/2837614.2837631},
 doi = {10.1145/2837614.2837631},
 acmid = {2837631},
 publisher = {ACM},
 address = {New York, NY, USA},
 keywords = {Abstract interpretation, Control-flow analysis, Pushdown analysis, Static analysis, Store-allocated continuations},
}
@phdthesis{Shivers:91,
 author = {Shivers, Olin Grigsby},
 title = {Control-flow Analysis of Higher-order Languages of Taming Lambda},
 year = {1991},
 note = {UMI Order No. GAX91-26964},
 publisher = {Carnegie Mellon University},
 school = {Carnegie Mellon University},
 address = {Pittsburgh, PA, USA},
} 
@MASTERSTHESIS {james,
    author  = "James Parker",
    title   = "LMonad: Information Flow Control for Haskell Web Applications",
    school  = "University of Maryland",
    year    = "2014",
    address = "College Park, Maryland"
}
@inproceedings{Flanagan:93,
 author = {Flanagan, Cormac and Sabry, Amr and Duba, Bruce F. and Felleisen, Matthias},
 title = {The Essence of Compiling with Continuations},
 booktitle = {Proceedings of the ACM SIGPLAN 1993 Conference on Programming Language Design and Implementation},
 series = {PLDI '93},
 year = {1993},
 isbn = {0-89791-598-4},
 location = {Albuquerque, New Mexico, USA},
 pages = {237--247},
 numpages = {11},
 url = {http://doi.acm.org/10.1145/155090.155113},
 doi = {10.1145/155090.155113},
 acmid = {155113},
 publisher = {ACM},
 address = {New York, NY, USA},
}
@inproceedings{Hudak:86,
 author = {Hudak, Paul},
 title = {A Semantic Model of Reference Counting and Its Abstraction (Detailed Summary)},
 booktitle = {Proceedings of the 1986 ACM Conference on LISP and Functional Programming},
 series = {LFP '86},
 year = {1986},
 isbn = {0-89791-200-4},
 location = {Cambridge, Massachusetts, USA},
 pages = {351--363},
 numpages = {13},
 url = {http://doi.acm.org/10.1145/319838.319876},
 doi = {10.1145/319838.319876},
 acmid = {319876},
 publisher = {ACM},
 address = {New York, NY, USA},
}
@inproceedings{Jagannathan:98,
 author = {Jagannathan, Suresh and Thiemann, Peter and Weeks, Stephen and Wright, Andrew},
 title = {Single and Loving It: Must-alias Analysis for Higher-order Languages},
 booktitle = {Proceedings of the 25th ACM SIGPLAN-SIGACT Symposium on Principles of Programming Languages},
 series = {POPL '98},
 year = {1998},
 isbn = {0-89791-979-3},
 location = {San Diego, California, USA},
 pages = {329--341},
 numpages = {13},
 url = {http://doi.acm.org/10.1145/268946.268973},
 doi = {10.1145/268946.268973},
 acmid = {268973},
 publisher = {ACM},
 address = {New York, NY, USA},
}
@inproceedings{Sergey:14,
 author = {Sergey, Ilya and Vytiniotis, Dimitrios and Peyton Jones, Simon},
 title = {Modular, Higher-order Cardinality Analysis in Theory and Practice},
 booktitle = {Proceedings of the 41st ACM SIGPLAN-SIGACT Symposium on Principles of Programming Languages},
 series = {POPL '14},
 year = {2014},
 isbn = {978-1-4503-2544-8},
 location = {San Diego, California, USA},
 pages = {335--347},
 numpages = {13},
 url = {http://doi.acm.org/10.1145/2535838.2535861},
 doi = {10.1145/2535838.2535861},
 acmid = {2535861},
 publisher = {ACM},
 address = {New York, NY, USA},
 keywords = {cardinality analysis, compilers, functional programming languages, haskell, lazy evaluation, operational semantics, program optimisation, static analysis, thunks, types and effects},
} 
@misc{webserver,
title={Web Applications in Racket},
url={https://docs.racket-lang.org/web-server/index.html},
author={Jay McCarthy},
note={(Accessed 7/23/18)}
}                  
@misc{fullyexpandedracket,
title={Fully Expanded Racket},
url={https://docs.racket-lang.org/reference/syntax-model.html#(part._fully-expanded)},
journal={The Racket Reference}
}
@article{Austin:17,
 author = {Austin, Thomas H. and Schmitz, Tommy and Flanagan, Cormac},
 title = {Multiple Facets for Dynamic Information Flow with Exceptions},
 journal = {ACM Trans. Program. Lang. Syst.},
 issue_date = {July 2017},
 volume = {39},
 number = {3},
 month = may,
 year = {2017},
 issn = {0164-0925},
 pages = {10:1--10:56},
 articleno = {10},
 numpages = {56},
 url = {http://doi.acm.org/10.1145/3024086},
 doi = {10.1145/3024086},
 acmid = {3024086},
 publisher = {ACM},
 address = {New York, NY, USA},
 keywords = {Information flow control, JavaScript, dynamic analysis, web security},
}                   
